
@Book{		  pressetal88:book,
  address	= {Cambridge},
  author	= {Press, William H and Flannery, Brian P. and Teukolsky,
		  Saul A. and William T. Vetterling},
  call-number	= {QA76.73.C15},
  date-added	= {2016-11-23 21:22:56 +0000},
  date-modified	= {2016-11-23 21:26:41 +0000},
  dewey-call-number={005.13/3},
  genre		= {C (Computer program language)},
  isbn		= {052135465X},
  library-id	= {87033844},
  publisher	= {Cambridge University Press},
  title		= {Numerical recipes in C: the art of scientific computing},
  year		= {1988}
}

@Book{		  wallschwartz91:camel,
  address	= {Sebastopol, CA},
  author	= {Wall, Larry and Schwartz, Randal L},
  call-number	= {QA76.73.P22},
  date-added	= {2016-11-23 21:06:41 +0000},
  date-modified	= {2016-11-23 21:29:16 +0000},
  dewey-call-number={005.13/3},
  edition	= {Minor correction},
  genre		= {Perl (Computer program language)},
  isbn		= {0937175641},
  library-id	= {94114950},
  publisher	= {O'Reilly \& Associates},
  title		= {Programming Perl},
  url		= {http://www.loc.gov/catdir/enhancements/fy0915/94114950-b.html},
  year		= {1991},
  bdsk-url-1	= {http://www.loc.gov/catdir/enhancements/fy0915/94114950-b.html}
}

@PhDThesis{	  markoczy95:thesis,
  author	= {Mark{\'o}czy, L{\'\i}via Anna},
  date-added	= {2016-11-23 21:04:40 +0000},
  date-modified	= {2016-11-23 21:05:57 +0000},
  school	= {The University of Cambridge},
  title		= {Barriers to shared belief: The role of strategic interest,
		  managerial characteristics and organisational factors},
  year		= {1994}
}

@Article{	  markoczygoldberg95:jom,
  author	= {Mark{\'o}czy, L{\'\i}via and Goldberg, Jeff},
  date-added	= {2016-11-23 21:03:13 +0000},
  date-modified	= {2016-11-23 21:03:54 +0000},
  journal	= {Journal of management},
  number	= {2},
  pages		= {305--333},
  publisher	= {Sage Publications},
  title		= {A method for eliciting and comparing causal maps},
  volume	= {21},
  year		= {1995}
}

@TechReport{	  ackermannetal92:cope,
  author	= {Fran Ackermann and Steve Cropper and Colin Eden},
  title		= {Graphics {COPE} users guide},
  year		= {1992},
  type		= {Report},
  institution	= {Department of Management Science, University of
		  Strathclyde},
  address	= {Glasgow}
}

@Article{	  bougonweickbinkhorst77,
  author	= {Bougon, Michel G. and Karl E. Weick and Din Bink\-horst},
  year		= {1977},
  title		= {Cognition in organizations: An analysis of the {U}trecht
		  Jazz Orchestra},
  journal	= {Acad\-emy of Management Review},
  volume	= {22},
  pages		= {606--639}
}

@Article{	  edenackermanncropper92:jms,
  author	= {Colin Eden and Fran Ackermann and Steve Cropper},
  year		= {1992},
  title		= {The analysis of cause maps},
  journal	= {Journal of Management Studies},
  volume	= {29},
  number	= {3},
  pages		= {309--324}
}

@Article{	  edenjones84:jors,
  author	= {Colin Eden and Sue Jones},
  year		= {1984},
  title		= {Using repertory grids for problem construction},
  journal	= {Journal of the Operational Research Society},
  volume	= {35},
  pages		= {779--790}
}

@Article{	  fordhegarty84,
  author	= {Ford, Jeffrey D. and W. Harvey Hegarty},
  year		= {1984},
  title		= {Decision makers' beliefs about the causes and effects of
		  structure: an exploratory study},
  journal	= {Acad\-emy of Management Journal},
  volume	= {27},
  pages		= {271--291}
}

@Article{	  langfieldwirth92,
  author	= {Langfield-Smith, Kim M. and Andrew Wirth},
  year		= {1992},
  title		= {Measuring differences between cognitive maps},
  journal	= {Journal of the Operational Research Society},
  volume	= {43},
  number	= {12},
  pages		= {1135--1150}
}

@Article{	  laukkanen90:scandjm,
  author	= {Laukkanen, Mauri},
  title		= {Describing management cognition: The cause mapping
		  approach},
  journal	= {Scandinavian Journal of Management},
  volume	= {6},
  number	= {3},
  year		= {1990},
  pages		= {197--216}
}

@Book{		  laukkanen92:book,
  author	= {Laukkanen, Mauri},
  year		= {1992},
  title		= {Comparative cause mapping of management cognitions: A
		  computer database method for natural data},
  address	= {Helsinki},
  publisher	= {Helsinki School of Economics and Business Administration
		  Publications}
}

@Article{	  ross34,
  author	= {Robert T. Ross},
  title		= {Optimum orders for the presentation of pairs in the method
		  of paired comparison},
  journal	= {Journal of Educational Psychology},
  volume	= 25,
  pages		= {375--382},
  year		= 1934
}
