@Article{AKornai93,
  Author =	 {Andr{\'a}s Kornai},
  Title =	 {The generative power of feature geometry},
  Journal =	 {Annals of Mathematics and Artifical Intellingence},
  Volume =	 {8},
  Number = 	 {1},
  Year =	 {1993},
  Pages =	 {37--46}
}

@Book{AKornai94:Book:Gar,
  Author =	 {Andr{\'a}s Kornai},
  Title =	 {Formal Phonology},
  Year =	 {1994},
  Publisher =	 {Garland},
  Address =	 {New York}
}

@InProceedings{AckermannETAL91,
  Author =	 {Ackermann, Fran and Steve Cropper and Colin Eden and
                  John Cook},
  Year =	 {1991},
  Title =	 {Cognitive mapping for policy analysis in the public
                  sector},
  Organization = {Meeting of the Academy of Management},
  Address =	 {Miami},
  Month =	 aug
}

@Techreport{AckermannETAL92:COPE,
  Author =	 {Fran Ackermann and Steve Cropper and Colin Eden},
  Title =	 {Graphics {COPE} users guide},
  Year =	 {1992},
  Type =	 {Report},
  Institution =	 {Department of Management Science, University of
                  Strathclyde},
  Address =	 {Glasgow}
}

@Book{Axelrod76:Book,
  EDITOR =	 {Axelrod, Robert},
  YEAR =	 {1976},
  TITLE =	 {Structure of decision: The cognitive maps of
                  political elites},
  PUBLISHER =	 {Princeton University Press},
  ADDRESS =	 {Princeton, NJ}
}

@incollection{BairdLylesOrris93,
  AUTHOR =	 {Baird, Inga S. and Marjorie A. Lyles and
                  J. B. Orris},
  TITLE =	 {A {Sino-Hungarian-U.S.} perspective on joint venture
                  success},
  EDITOR =	 {Paul Shrivastava and Anne S. Huff and Jane Dutton},
  BOOKTITLE =	 {Advances in Stategic Management},
  VOLUME =	 {9},
  YEAR =	 {1993},
  PUBLISHER =	 {Jai Press},
  ADDRESS =	 {Greenwich, Conn}
}

@Article{BarrStimpertHuff92,
  Author =	 {Barr, Pamela S. and J. L. Stimpert and Anne S. Huff},
  Title =	 {Cognitive change, strategic action, and
                  organizational renewal},
  Year =	 {1992},
  Journal =	 {Strategic Management Journal},
  Volume =	 {13},
  Pages =	 {15--36}
}

@Article{BedeianETAL89,
  Author =	 {A. G. Bedeian and E. R. Kermery and
                  K. W. Mossholder},
  Title =	 {Testing for cross-level interactions: An empirical
                  demonstration},
  Pages =	 {70--78},
  Year =	 {1989},
  Journal =	 {Behavioral Science},
  Volume =	 {34}
}

@Article{BellmanZadeh70:MS,
  Author =	 {R. E. Bellman and L. A. Zadeh},
  Title =	 {Decision making in a fuzzy environment},
  Journal =	 {Management Science},
  Volume =	 17,
  Number =	 4,
  Year =	 1970
}

@Article{BettmanWeitz83:ASQ,
  Author =	 {James R. Bettman and Barton A. Weitz},
  Title =	 {Attributions in the board room: Causal reasoning in
                  corporate annual reports},
  Journal =	 {Administrative Science Quarterly},
  Volume =	 28,
  Number =	 2,
  Year =	 1983,
  Pages =	 {165--183}
}

@Article{Bossanyi94,
  Author =	 {Katalin Boss{\'a}nyi},
  Title =	 {Egys\'eges {\'a}llami vagyonkezel{\H{o}}re lenne
                  sz\"uks\'eg (unitary state property management is
                  required)},
  Journal =	 {N\'epszabads\'ag},
  Pages =	 {11},
  Year =	 {1994},
  Month =	 may # " 19"
}

@Article{Bougon92:JMS,
  Author =	 {Michel G. Bougon},
  Title =	 {Congregate cognitive maps: A unified dynamic theory
                  of organization and strategy},
  Pages =	 {369--389},
  Journal =	 {Journal of Management Studies},
  Volume =	 {29},
  Number =	 {3},
  Year =	 {1992}
}

@InCollection{BougonKomocar90,
  Author =	 {Michel G. Bougon and John M. Komocar},
  Editor =	 {Anne S. Huff},
  Year =	 {1990},
  Title =	 {Directing strategic change: A dynamic wholistic
                  approach},
  Booktitle =	 {Mapping strategic thought},
  Publisher =	 {Wiley},
  Address =	 {New York},
  Pages =	 {135--163}
}

@article{BougonWeickBinkhorst77,
  AUTHOR =	 {Bougon, Michel G. and Karl E. Weick and Din
                  Bink\-horst},
  YEAR =	 {1977},
  TITLE =	 {Cognition in organizations: An analysis of the
                  {U}trecht Jazz Orchestra},
  JOURNAL =	 {Acad\-emy of Management Review},
  VOLUME =	 {22},
  PAGES =	 {606--639}
}

@Article{BreigerBoormanArabie75,
  Author =	 {Ronald L. Breiger and Scott A. Boorman and Phipps
                  Arabie},
  Title =	 {An algorithm for clustering relational data with
                  applications to social network analysis and
                  comparison with multidimensional scaling},
  Journal =	 {Journal of Mathematical Psychology},
  Volume =	 {12},
  Pages =	 {328--383},
  Year =	 {1975}
}

@Article{Brown92:JMS,
  Author =	 {Sylvia M. Brown},
  Year =	 {1992},
  Title =	 {Cognitive mapping and repertory grids for
                  qualitative survey research: Some comparative
                  observations},
  Journal =	 {Journal of Management Studies},
  Volume =	 {29},
  Number =	 {3},
  Pages =	 {287--307}
}

@Article{BrownHeller81,
  Author =	 {Alan Brown and Frank Heller},
  Title =	 {Usefulness of group feedback analsysis as a research
                  method: Its application to a qestionnaire study},
  Pages =	 {141--156},
  Year =	 {1981},
  Journal =	 {Human Relations},
  Volume =	 {34},
  Number =	 {2}
}

@Article{Child72:Soc,
  Author =	 {John Child},
  Title =	 {Organizational structure, environment and
                  performance: The role of strategic choice},
  Year =	 {1972},
  Journal =	 {Sociology},
  Volume =	 {6},
  Pages =	 {2--22}
}

@InProceedings{ChildMarkoczy92:BAM,
  Author =	 {John Child and L{\'\i}via Mar\-k{\'o}czy},
  Year =	 1992,
  Title =	 {Culture and experience of international strategic
                  alliances in {Hungary}},
  Organization = {Annual Meeting of the British Academy of Management},
  Address =	 {Bradford, UK}
}

@Article{ChildMarkoczy93:JMS,
  Author =	 {John Child and L{\'\i}via Mar\-k{\'o}czy},
  Year =	 {1993},
  Title =	 {Host-country managerial behaviour and learning in
                  {Chinese} and {Hungarian} joint ventures},
  Journal =	 {Journal of Management Studies},
  Volume =	 {30},
  Number =	 {4},
  Pages =	 {611--631}
}

@InCollection{ChildMarkoczyCheung94,
  Author =	 {John Child and L{\'\i}via Mar\-k{\'o}czy and Tony
                  Cheung},
  Title =	 {Managerial adaptation in {Chinese} and {Hungarian}
                  strategic alliances with culturally distinct
                  partners},
  Editor =	 {Sally Stewart},
  Booktitle =	 {Joint ventures in the {People's Republic of China}},
  Series =	 {Advances in Chinese industrial studies},
  Publisher =	 {Jai},
  Address =	 {Greenwich, CT},
  Volume =	 {4},
  Note =	 {(forthcoming)},
  Year =	 {1994}
}

@InCollection{DanielsMarkoczy94,
  AUTHOR =	 {Kevin Daniels and L{\'i}via Mark{\'o}czy and Leslie
                  de Chernatony},
  TITLE =	 {Comparing cognitive maps},
  EDITOR =	 {James R. Meindl and Joseph F. Porac and Chuck
                  Stubbart},
  BOOKTITLE =	 {Advances in managerial cognition and organizational
                  information processing},
  Volume =	 5,
  Pages =	 {141--164},
  YEAR =	 1994,
  PUBLISHER =	 {Jai Press},
  ADDRESS =	 {Greenwich, Conn}
}

@Article{DearbornSimon58,
  Author =	 {DeWitt C. Dearborn and Herbert A. Simon},
  Year =	 {1958},
  Title =	 {Selective perception: A note on the department
                  identification of executives},
  Journal =	 {Sociometry},
  Volume =	 {21},
  Pages =	 {140--144}
}

@Article{Diffenbach83:SMJ,
  Author =	 {J. Diffenbach},
  Year =	 {1983},
  Title =	 {Influence diagrams for complex strategic issues},
  Journal =	 {Strategic Management Journal},
  Volume =	 {3},
  Pages =	 {133--146}
}

@Article{DunnGinsberg86,
  Author =	 {William N. Dunn and Ari Ginsberg},
  Year =	 {1986},
  Title =	 {A sociocognitive network approach to organizational
                  analysis},
  Journal =	 {Human Relations},
  Volume =	 {40},
  Number =	 {11},
  Pages =	 {955--976}
}

@Article{DuttonETAL83:SMJ,
  Author =	 {Jane E. Dutton and L. Fahey and V. K. Narayanan},
  Title =	 {Toward understanding strategic issue diagnosis},
  Journal =	 {Strategic Management Journal},
  Volume =	 {4},
  Pages =	 {307--323},
  Year =	 {1983}
}

@Article{Eden88:EJOR,
  Author =	 {Colin Eden},
  Title =	 {Cognitive mapping},
  Journal =	 {European Journal of Operational Research},
  Volume =	 {36},
  Year =	 {1988},
  Pages =	 {1--13}
}

@TechReport{Eden88:workpap,
  Author =	 {Colin Eden},
  Year =	 {1988},
  Title =	 {Strategic decision support through computer based
                  analysis and presentation of cognitive maps},
  Type =	 {Working paper},
  Number =	 1,
  Series =	 {Management Science. Theory, Method and Practice
                  Series},
  Institution =	 {Strathclyde University},
  Address =	 {Strathclyde, Scotland}
}

@InCollection{Eden89,
  Author =	 {Colin Eden},
  Year =	 {1989},
  Title =	 {Using cognitive mapping for strategic options
                  development and analysis {(SODA)}},
  Editor =	 {I. Rosenhead},
  Booktitle =	 {Rational analysis for a problematic world},
  Publisher =	 {Wiley},
  Address =	 {New York}
}

@InProceedings{Eden91:conf,
  Author =	 {Colin Eden},
  Title =	 {A framework for thinking about group decision
                  support systems {(GDSS)}},
  Year =	 1991,
  Organization = {Problem structuring and the management of complexity
                  ESRC seminar series},
  Number =	 4,
  Address =	 {Glasgow}
}

@Article{Eden92:JMS,
  AUTHOR =	 {Eden, Colin},
  YEAR =	 {1992},
  TITLE =	 {On the Nature of Cognitive Maps},
  JOURNAL =	 {Journal of Management Studies},
  VOLUME =	 {29},
  NUMBER =	 {3}
}

@Article{Eden93:Omega,
  Author =	 {Eden, Colin},
  Title =	 {From the playpen to the bombsite: The changing
                  nature of management science},
  Journal =	 {Omega International Journal of Management Science},
  Volume =	 {21},
  Number =	 {2},
  Pages =	 {139--154},
  Year =	 {1993}
}

@Article{EdenAckermannCropper92:JMS,
  Author =	 {Colin Eden and Fran Ackermann and Steve Cropper},
  Year =	 {1992},
  Title =	 {The analysis of cause maps},
  Journal =	 {Journal of Management Studies},
  Volume =	 {29},
  Number =	 {3},
  Pages =	 {309--324}
}

@InProceedings{EdenAckermannTait93:IWOMC,
  Author =	 {Colin Eden and Fran Ackermann and Andrew Tait},
  Title =	 {Comparing cognitive maps: Methodological issues},
  Organization = {International workshop on organizational and
                  managerial cognition},
  Address =	 {Brussels},
  Year =	 1993
}

@InProceedings{EdenFischer93:IWOMC,
  Author =	 {Colin Eden and Georg Fischer},
  Title =	 {The role of modelling cognition for stakeholder
                  analysis and scenario planning},
  Organization = {International workshop on organizational and
                  managerial cognition},
  Year =	 1993,
  Address =	 {Brussels}
}

@Article{EdenJones84:JORS,
  Author =	 {Colin Eden and Sue Jones},
  Year =	 {1984},
  Title =	 {Using repertory grids for problem construction},
  Journal =	 {Journal of the Operational Research Society},
  Volume =	 {35},
  Pages =	 {779--790}
}

@InCollection{EdenSimpson89,
  Author =	 {Colin Eden and Peter Simpson},
  Title =	 {{SODA} and cognitive mapping in practice},
  Editor =	 {I. Rosenhead},
  Year =	 {1989},
  Booktitle =	 {Rational analysis for a problematic world},
  Publisher =	 {Wiley},
  Address =	 {New York}
}

@InCollection{EdwardsETAL88:BRT,
  Author =	 {Ward Edwards and Detlof von~Winterfeldt and David
                  L. Moody},
  Title =	 {Simplicity in decision analysis: An example and a
                  discussion},
  Pages =	 {443--464},
  Editor =	 {David E. Bell and Howard Raiffa and Amos Tversky},
  Booktitle =	 {Decision making: Descriptive, normative, and
                  prescriptive interactions},
  Year =	 {1988},
  Publisher =	 {Cambridge University Press},
  Address =	 {Cambridge, England}
}

@InProceedings{Ehlinger93:IWOMC,
  Author =	 {Sylvia Ehlinger},
  Title =	 {The role of congive maps in the strategic planning
                  process with multiple-unit organizations},
  Organization = {International workshop on organizational and
                  managerial cognition},
  Year =	 1993,
  Address =	 {Brussels}
}

@InCollection{EinhornHogarth88:BRT,
  Author =	 {Hillel J. Einhorn and Robin M. Hogarth},
  Title =	 {Behavioral decision theory: Processes of judgment
                  and choice},
  Pages =	 {113--147},
  Editor =	 {David E. Bell and Howard Raiffa and Amos Tversky},
  Booktitle =	 {Decision making: Descriptive, normative, and
                  prescriptive interactions},
  Year =	 {1988},
  Publisher =	 {Cambridge University Press},
  Address =	 {Cambridge, England}
}

@InCollection{EinhornHorgarth88:BRT:reply,
  Author =	 {Hillel J. Einhorn and Robin M. Hogarth},
  Title =	 {Reply to commentaries},
  Pages =	 {147--151},
  Editor =	 {David E. Bell and Howard Raiffa and Amos Tversky},
  Booktitle =	 {Decision making: Descriptive, normative, and
                  prescriptive interactions},
  Year =	 {1988},
  Publisher =	 {Cambridge University Press},
  Address =	 {Cambridge, England}
}

@Article{Eisenhardt89:AMR,
  Author =	 {Kathleen M. Eisenhardt},
  Year =	 {1989},
  Title =	 {Building theories from case study research},
  Journal =	 {Acad\-emy of Management Review},
  Volume =	 {14},
  Pages =	 {532--550}
}

@Book{Eiser86:Book,
  Author =	 {J. Richard Eiser},
  Title =	 {Social psychology: Attitudes, cognition and social
                  behaviour},
  Publisher =	 {Cambridge University Press},
  Address =	 {Cambridge, England},
  Year =	 {1986}
}

@Book{EllisHunt89:Book,
  Author =	 {Henry C. Ellis and R. Reed Hunt},
  Year =	 {1989},
  Title =	 {Fundamentals of human memory and cognition},
  Publisher =	 {Brown},
  Address =	 {Dubuque}
}

@Book{Everitt80:Book,
  AUTHOR =	 {Brian Everitt},
  TITLE =	 {Cluster Analysis (2nd Edition)},
  PUBLISHER =	 {Halsted Press, Wiley},
  ADDRESS =	 {New York},
  YEAR =	 {1990}
}

@Article{Ford85:AMR,
  Author =	 {Jeffrey D. Ford},
  Year =	 {1985},
  Title =	 {The effects of causal attributions on decision
                  makers' responses to performance downturns},
  Journal =	 {Acad\-emy of Management Review},
  Volume =	 {10},
  Number =	 {4},
  Pages =	 {770--786}
}

@Article{FordHegarty84,
  AUTHOR =	 {Ford, Jeffrey D. and W. Harvey Hegarty},
  YEAR =	 {1984},
  TITLE =	 {Decision makers' beliefs about the causes and
                  effects of structure: an exploratory study},
  JOURNAL =	 {Acad\-emy of Management Journal},
  VOLUME =	 {27},
  PAGES =	 {271--291}
}

@Book{FustosKovacs89,
  Author =	 {L{\'a}szl{\'o} F{\"u}st{\"o}s and Erzs{\'e}bet
                  Kov{\'a}cs},
  Title =	 {A sz\'a\-m{\'\i}\-t\'o\-g\'epes adat\-elem\-z\'es
                  sta\-tisz\-ti\-kai m\'od\-sze\-rei ({C}omputational
                  methods for statistical data analysis)},
  Publisher =	 {Tan\-k\"onyv\-ki\-ad\'o},
  Address =	 {Budapest},
  Year =	 {1989}
}

@Article{Ginsberg89:JMS,
  Author =	 {Ari Ginsberg},
  Year =	 {1989},
  Title =	 {Construing the business portfolio: A cognitive model
                  of diversification},
  Journal =	 {Journal of Management Studies},
  Volume =	 {26},
  Number =	 {4},
  Pages =	 {417--438}
}

@Article{Ginsberg90:AMR,
  Author =	 {Ari Ginsberg},
  Title =	 {Connecting diversification to performance: A
                  sociocognitive approach},
  Journal =	 {Acad\-emy of Management Review},
  Volume =	 {15},
  Number =	 {3},
  Year =	 {1990},
  Pages =	 {514--545}
}

@Article{Ginsberg92:AMR,
  Author =	 {Ari Ginsberg},
  Year =	 {1992},
  Title =	 {Review of A. S. Huff 1990 ``Mapping strategic
                  thought''},
  Journal =	 {Acad\-emy of Management Review},
  Volume =	 {17},
  Pages =	 {145--148}
}

@Article{GinsbergVenkatraman92:SMJ,
  Author =	 {Ari Ginsberg and N. Venkatraman},
  Title =	 {Investing in new information techonology: The role
                  of competitive posture and issue diagnosis},
  Year =	 {1992},
  Journal =	 {Strategic Management Journal},
  Volume =	 {13},
  Pages =	 {37--53}
}

@TechReport{Grinyer92,
  Author =	 {Peter H. Grinyer},
  Title =	 {A cognitive approach to facilitating group strategic
                  decision taking: Analysis of practive and a
                  theoretical interpretation},
  Type =	 {manuscript},
  Institution =	 {St.~Andrews Management Institute and the University
                  of St.~Andrews},
  Year =	 {1992}
}

@Article{Gupta84:AMR,
  Author =	 {Anil K. Gupta},
  Title =	 {Contingency linkages between strategy and General
                  Manager characteristics},
  Journal =	 {Acad\-emy of Management Review},
  Volume =	 {9},
  Year =	 {1984},
  Pages =	 {399--412}
}

@Article{Hall84,
  Author =	 {Roger I. Hall},
  Title =	 {The natural logic of management policy making: Its
                  implications for the survival of an organization},
  Journal =	 {Management Science},
  Volume =	 {30},
  Number =	 {8},
  Year =	 {1984},
  Pages =	 {905--927}
}

@Book{Hambrick88:Book,
  Editor =	 {Donald C. Hambrick},
  Year =	 {1988},
  Title =	 {The executive effect: concepts and methods for
                  studying top managers},
  Publisher =	 {Jai Press},
  Address =	 {Greenwich, Conn},
  Series =	 {Strategic management policy and planning series},
  Volume =	 {2}
}

@article{HambrickMason84,
  AUTHOR =	 {Hambrick, Donald C. and Phyllis A. Mason},
  YEAR =	 {1984},
  TITLE =	 {Upper Echelons: The Organization as a Reflection of
                  Its Top Managers},
  JOURNAL =	 {Acad\-emy of Management Review},
  VOLUME =	 {9},
  PAGES =	 {193--206}
}

@Book{Harms68:Book,
  Author =	 {Harms, R. T.},
  Title =	 {Introduction to phonological theory},
  Year =	 {1968},
  Publisher =	 {Pren\-tice-Hall},
  Address =	 {Englewood Cliffs, NJ}
}

@Book{Harris92:Book,
  Author =	 {James F. Harris},
  Title =	 {Against relativism: a philosophical defense of
                  method},
  Year =	 {1992},
  Publisher =	 {Open Court},
  Address =	 {La Salle, Illinios}
}

@Book{Hays88:Book,
  Author =	 {William L. Hays},
  Title =	 {Statistics},
  Edition =	 {fourth},
  Year =	 {1988},
  Publisher =	 {Holt, Rinehart \& Winston},
  Address =	 {New York}
}

@Article{Heller69,
  Author =	 {Frank A. Heller},
  Title =	 {Group feedback analysis: a method of field research},
  Pages =	 {108--117},
  Year =	 {1969},
  Journal =	 {Psychological Bulletin},
  Volume =	 {72},
  Number =	 {2}
}

@Article{Hirschman64,
  Author =	 {A. O. Hirschman},
  Title =	 {The paternity of an index},
  Journal =	 {American Economic Review},
  Year =	 {1964},
  Volume =	 {54},
  Pages =	 {761--762}
}

@Book{Hofstede91:Book,
  AUTHOR =	 {Hofstede, Geert},
  YEAR =	 {1991},
  TITLE =	 {Culture and organizations: Software of the mind},
  PUBLISHER =	 {McGraw-Hill},
  ADDRESS =	 {New York}
}

@InCollection{Huff90,
  Author =	 {Anne S. Huff},
  Editor =	 {Anne S. Huff},
  Year =	 {1990},
  Title =	 {Mapping strategic thought},
  Booktitle =	 {Mapping strategic thought},
  Publisher =	 {Wiley},
  Address =	 {New York},
  Pages =	 {11--49}
}

@Book{Huff90:Book,
  EDITOR =	 {Huff, Anne S.},
  YEAR =	 {1990},
  TITLE =	 {Mapping strategic thought},
  PUBLISHER =	 {John Wiley \& Sons},
  ADDRESS =	 {New York}
}

@InCollection{HuffSchwenk90,
  Author =	 {Anne S. Huff and Charles R. Schwenk},
  Year =	 {1990},
  Title =	 {Bias and sensemaking in good times and bad},
  Editor =	 {A. S. Huff},
  Booktitle =	 {Mapping Strategic Thought},
  Publisher =	 {Wiley},
  Address =	 {New York},
  Pages =	 {89--108}
}

@Article{IrelandETAL87:SMJ,
  AUTHOR =	 {Ireland, Duane R. and Michael A. Hitt and Richard
                  A. Bettis and Deborah Auld de~Porras},
  YEAR =	 {1987},
  TITLE =	 {Strategy formulation processes: Differences in
                  perceptions of strengths and weaknesses indicators
                  and environmental uncertainty by managerial level},
  JOURNAL =	 {Strategic Management Journal},
  VOLUME =	 {8},
  PAGES =	 {469--485}
}

@Article{James82,
  Author =	 {L. R. James},
  Title =	 {Aggregation bias in estimates of perceptual
                  agreement},
  Pages =	 {85--98},
  Year =	 {1982},
  Journal =	 {Journal of Applied Psychology},
  Volume =	 {69}
}

@Book{JohnsonLaird83:Book,
  Author =	 {P. N. Johnson-Laird},
  Year =	 {1983},
  Title =	 {Mental models},
  Publisher =	 {Cambridge University Press},
  Address =	 {Cambridge, England}
}

@Book{KimMueller78:Book,
  Author =	 {Jae-On Kim and Charles W. Mueller},
  Title =	 {Factor analysis: Statistical methods and practical
                  issues},
  Series =	 {Sage university paper series on quantivative
                  applications in the social sciences},
  Volume =	 {14},
  Year =	 {1978},
  Publisher =	 {Sage},
  Address =	 {London}
}

@Article{KleinETAL94:AMR,
  Author =	 {Katherine J. Klein and Fred Dansereau and Rosalie
                  J. Hall},
  Title =	 {Levels issues in theory development, data collection
                  and analysis},
  Pages =	 {195--229},
  Year =	 {1994},
  Journal =	 {Academy of Management Review},
  Volume =	 19,
  Number =	 2
}

@Book{Kornai80:Book,
  Author =	 {Kornai, J{\'a}nos},
  Year =	 {1980},
  Title =	 {The economics of shortage},
  Publisher =	 {North-Holland},
  Address =	 {Amsterdam}
}

@Book{Kornai86:Book,
  Author =	 {J{\'a}nos Kornai},
  Title =	 {Contradictions and dilemmas: Studies on the
                  socialist economy and society},
  Publisher =	 {MIT Press},
  Address =	 {Cambridge},
  Year =	 {1986}
}

@InCollection{Kornai86:Hard,
  Author =	 {J{\'a}nos Kornai},
  Title =	 {``Hard'' and ``soft'' budget constraint},
  Pages =	 {33--51},
  Editor =	 {J{\'a}nos Kornai},
  Booktitle =	 {Contradictions and dilemmas: Studies on the
                  socialist economy and society},
  Publisher =	 {MIT Press},
  Address =	 {Cambridge},
  Year =	 {1986}
}

@Book{Kornai90:Book,
  Author =	 {J{\'a}nos Kornai},
  Year =	 {1990},
  Title =	 {Vision and reality, market and state: Contradictions
                  and dilemmas revisited},
  Address =	 {Budapest and New York},
  Publisher =	 {Corvina, and Harvester-Wheatsheaf and Routledge}
}

@InCollection{Kornai90:Soft,
  Author =	 {J{\'a}nos Kornai},
  Year =	 {1990},
  Title =	 {The soft budget constraint},
  Booktitle =	 {Vision and reality, market and state: Contradictions
                  and dilemmas revisited},
  Pages =	 {20--46},
  Address =	 {Budapest and New York},
  Publisher =	 {Corvina, and Harvester-Wheatsheaf and Routledge}
}

@InCollection{Kornai90:Vision,
  Author =	 {J{\'a}nos Kornai},
  Year =	 {1990},
  Title =	 {The Hungarian reform process: Visions, hopes and
                  reality},
  Booktitle =	 {Vision and reality, market and state: Contradictions
                  and dilemmas revisited},
  Pages =	 {99--182},
  Address =	 {Budapest and New York},
  Publisher =	 {Corvina, and Harvester-Wheatsheaf and Routledge}
}

@TechReport{KothaDunbarBird93,
  Author =	 {Suresh Kotha and Roger L. M. Dunbar and Allan Bird},
  Title =	 {Strategic action generation: A comparison of
                  emphasis places on generic competitive methods by US
                  and Japanese managers},
  Type =	 {manuscript},
  Year =	 {1993},
  Institution =	 {NYU},
  Address =	 {New York},
  Note =	 {revised version 4.0 (November)}
}

@Article{LangfieldWirth92,
  AUTHOR =	 {Langfield-Smith, Kim M. and Andrew Wirth},
  YEAR =	 {1992},
  TITLE =	 {Measuring differences between cognitive maps},
  JOURNAL =	 {Journal of the Operational Research Society},
  VOLUME =	 {43},
  NUMBER =	 {12},
  PAGES =	 {1135--1150}
}

@Article{Laukkanen89,
  Author =	 {Laukkanen, Mauri},
  Title =	 {Understanding the formation of managers' cognitive
                  maps: A comparative case study of context traces in
                  two business firm clusters},
  Series =	 {Acta Academiae Oeconomicae Helsingiensis},
  Volume =	 {65},
  Publisher =	 {Helsinki School of Economics and Business
                  Administration},
  Address =	 {Helsinki},
  Year =	 {1989}
}

@Article{Laukkanen90:ScandJM,
  Author =	 {Laukkanen, Mauri},
  Title =	 {Describing management cognition: The cause mapping
                  approach},
  Journal =	 {Scandinavian Journal of Management},
  Volume =	 {6},
  Number =	 {3},
  Year =	 {1990},
  Pages =	 {197--216}
}

@Book{Laukkanen92:Book,
  AUTHOR =	 {Laukkanen, Mauri},
  YEAR =	 {1992},
  TITLE =	 {Comparative cause mapping of management cognitions:
                  A computer database method for natural data},
  ADDRESS =	 {Helsinki},
  PUBLISHER =	 {Helsinki School of Economics and Business
                  Administration Publications}
}

@Incollection{Laukkanen94:AOM,
  Author =	 {Mauri Laukkanen},
  Title =	 {Maps of success and demise: Comparing
                  enterpreneur-managers' knowledge-bases},
  Year =	 1994,
  Month =	 aug,
Organization = {Academy of Management Meetings},
Address = {Dallas}}

@InCollection{LeeuwHeiser82,
  Author =	 {Jan de~Leeuw and William Heiser},
  Title =	 {Theory of multidimensional scaling},
  Pages =	 {285--316},
  Editor =	 {P. R. Krishnaiah and L. N. Kanal},
  Booktitle =	 {Classification, pattern recognition and reduction of
                  dimensionality},
  Series =	 {Handbook of statistics},
  Volume =	 {2},
  Year =	 {1982},
  Publisher =	 {North-Holland},
  Address =	 {Amsterdam}
}

@Book{LordMaher93:Book,
  Author =	 {Robert G. Lord and Karen J. Maher},
  Title =	 {Leadership \& information processing: Linking
                  perceptions and performance},
  Year =	 {1993},
  Publisher =	 {Routledge},
  Address =	 {London}
}

@TechReport{Markoczy92:Annrep,
  Author =	 {L{\'\i}via Mar\-k{\'o}czy},
  Year =	 {1992},
  Title =	 {Measuring Managerial Beliefs about Business in
                  International Mixed Management Organizations
                  {(IMMOs)} located in {H}ungary},
  Type =	 {first year report},
  Institution =	 {Judge Institute of Management Studies University of
                  Cambridge},
  Address =	 {Cambrdige}
}

@Incollection{Markoczy93:Advances,
  AUTHOR =	 {Mark{\'o}czy, L{\'\i}via},
  TITLE =	 {Commentary on ``A {Sino-Hungarian-U.S.} perspective
                  on joint venture success''},
  EDITOR =	 {Paul Shrivastava and Anne S. Huff and Jane Dutton},
  BOOKTITLE =	 {Advances in Stategic Management},
  VOLUME =	 {9},
  PAGES =	 {317-322},
  YEAR =	 {1993},
  PUBLISHER =	 {Jai Press},
  ADDRESS =	 {Greenwich, Conn}
}

@Article{Markoczy93:IJHRM,
  AUTHOR =	 {L{\'\i}via Mark{\'o}czy},
  TITLE =	 {Managerial and organizational learning in
                  {H}ungarian-{W}estern mixed management
                  organizations},
  JOURNAL =	 {International Journal of Human Resource Management},
  YEAR =	 {1993},
  VOLUME =	 {4},
  NUMBER =	 {2},
  PAGES =	 {277--304}
}

@InProceedings{Markoczy94:AOM,
  Author =	 {Mark{\'o}czy, L{\'\i}via},
  Title =	 {Barriers to shared belief: The role of managerial
                  characteristics, environmental factors, and
                  strategic interest},
  Organization = {Meeting of the Academy of Management},
  Address =	 {Dallas},
  Year =	 {1994}
}

@Article{Markoczy95:IJHRM,
  Author =	 {Mark{\'o}czy, L{\'\i}via},
  Title =	 {States and belief states},
  Journal =	 {International Journal of Human Resource Management},
  Year =	 {forthcoming}
}

@Techreport{MarkoczyGoldberg92,
  AUTHOR =	 {Mark{\'o}czy, L{\'\i}via and Jeff Goldberg},
  TITLE =	 {On identifying managerial types based of beliefs
                  about business},
  INSTITUTION =	 {Judge Institute of Management Studies, University of
                  Cambridge},
  ADDRESS =	 {Cambridge, England},
  TYPE =	 "Research paper",
  NUMBER =	 {17/92},
  YEAR =	 {1992}
}

@Techreport{MarkoczyGoldberg93:BUE,
  AUTHOR =	 {Mark{\'o}czy, L{\'\i}via and Jeff Goldberg},
  TITLE =	 {A method for eliciting and comparing causal maps},
  INSTITUTION =	 {Business Economics Department, Budapest University
                  of Economics},
  ADDRESS =	 "Budapest",
  TYPE =	 "Working Paper",
  NUMBER =	 "93/5",
  YEAR =	 {1993},
}

@Article{McKeithenETAL81,
  AUTHOR =	 {Kathrine B. McKeithen and Judith S. Reitman and
                  Henry H. Rueter and Stephen C. Hirtle},
  TITLE =	 {Knowledge organization and skill differences in
                  computer programmers},
  JOURNAL =	 {Cognitive Psychology},
  YEAR =	 1981,
  VOLUME =	 13,
  PAGES =	 {307--325}
}

@Article{MichelHambrick92,
  AUTHOR =	 {Michel, John G. and Donald C. Hambrick},
  TITLE =	 {Diversification Posture and Top Management Team
                  Characteristics},
  JOURNAL =	 {Acad\-emy of Management Journal},
  YEAR =	 {1992},
  VOLUME =	 {35},
  NUMBER =	 {1},
  PAGES =	 {9--37}
}

@Book{MilesHuberman84:Book,
  Author =	 {Miles, Matthew B. and A. Michael Huberman},
  Title =	 {Qualitative data analysis},
  Year =	 {1984},
  Publisher =	 {Sage},
  Address =	 {London}
}

@InCollection{NarayananFahey90,
  Author =	 {V. K. Narayanan and Liam Fahey},
  Title =	 {Evolution of revealed causal maps during decline: A
                  case study of Admiral},
  Editor =	 {Sigismund Anne Huff},
  BookTitle =	 {Mapping strategic choice},
  Pages =	 {109--133},
  Year =	 {1990},
  Publisher =	 {John Wiley},
  Address =	 {New York}
}

@Article{NordConnell93,
  Author =	 {Walter R. Nord and Ann F. Connell},
  Title =	 {From quicksand to crossroads: An agnostic
                  prespective on conversation},
  Journal =	 {Organization Science},
  Year =	 {1993},
  Volume =	 {4},
  Number =	 {1},
  Pages =	 {108--120}
}

@Article{PoracETAL89:JMS,
  Author =	 {Joseph F. Porac and Howard Thomas and Charles
                  Baden-Fuller},
  Year =	 {1989},
  Title =	 {Competitive groups as cognitive communities: the
                  case of {S}cottish knitwear manufacturers},
  Journal =	 {Journal of Management Studies},
  Volume =	 {26},
  Number =	 {4},
  Pages =	 {397--416}
}

@InCollection{Roberts76:Axelrod:Transport,
  AUTHOR =	 {Roberts, Fred S.},
  YEAR =	 {1976},
  TITLE =	 {Strategy for the energy crisis: The case of commuter
                  transportation policy},
  EDITOR =	 {Robert Axelrod},
  BOOKTITLE =	 {Structure of decision: The cognitive maps of
                  political elites},
  PUBLISHER =	 {Princeton University Press},
  ADDRESS =	 {Princeton, NJ}
}

@InCollection{Roberts76:Axelrod:questionnaire,
  AUTHOR =	 {Roberts, Fred S.},
  YEAR =	 {1976},
  TITLE =	 {The questionnaire method},
  EDITOR =	 {Robert Axelrod},
  BOOKTITLE =	 {Structure of Decision. The Cognitive Maps of
                  Political Elites},
  PUBLISHER =	 {Princeton University Press},
  ADDRESS =	 {Princeton, NJ}
}

@Article{Ross34,
  Author =	 {Robert T. Ross},
  Title =	 {Optimum orders for the presentation of pairs in the
                  method of paired comparison},
  Journal =	 {Journal of Educational Psychology},
  Volume =	 25,
  Pages =	 {375--382},
  Year =	 1934
}

@Book{SPSS88:Guide,
  Author =	 {Marija J. Noru{\v{s}}is},
  Year =	 {1988},
  Title =	 {The SPSS guide to data analysis for SPSS/PC+},
  Publisher =	 {SPSS Inc},
  Address =	 {Chicago}
}

@Book{SPSSX88,
  Author =	 {Marija J. Noru{\v{s}}is and SPSS\ Inc},
  Year =	 {1988},
  Title =	 {SPSS$^{X}$ advanced statistics guide},
  Edition =	 {second},
  Address =	 {Chicago},
  Publisher =	 {SPSS Inc}
}

@Book{Sandy89,
  Author =	 {Robert Sandy},
  Title =	 {Statistics for business and economics},
  Year =	 {1989},
  Publisher =	 {McGraw-Hill},
  Address =	 {New York}
}

@InProceedings{Seeger93:AOM,
  Author =	 {Seeger, John A.},
  Title =	 {Causal maps and causal theory models: Two views of
                  systems theory},
  Year =	 {1993},
  Journal =	 {Meeting of the Academy of Management},
  Address =	 {Atlanta}
}

@Book{Siegel56:Book,
  AUTHOR =	 {Sidney Siegel},
  TITLE =	 {Nonparametric statistics: for the behavioral
                  sciences},
  SERIES =	 {Series in Psychology},
  YEAR =	 1956,
  PUBLISHER =	 {McGraw-Hill},
  ADDRESS =	 {New York}
}

@Book{Silverman70:Book,
  Author =	 {David Silverman},
  Year =	 {1970},
  Title =	 {The theory of organizations},
  Publisher =	 {Heinemann},
  Address =	 {London}
}

@Article{Simons93:AMJ,
  Author =	 {Tony Simons},
  Title =	 {Speech patterns and the concept of utility in
                  cognitive maps: The case of integrative bargaining},
  Journal =	 {Acad\-emy of Management Journal},
  Volume =	 {36},
  Number =	 {1},
  Pages =	 {139--156},
  Year =	 {1993}
}

@Article{Stubbart89:JMS,
  Author =	 {Charles I. Stubbart},
  Year =	 {1989},
  Title =	 {Managerial cognition: A missing link in strategic
                  management research},
  Journal =	 {Journal of Management Studies},
  Volume =	 {26},
  Number =	 {4},
  Pages =	 {325--349}
}

@Article{ThomasClarkGioia93:AMJ,
  Author =	 {James B. Thomas and Shawn M. Clark and Dennis
                  A. Gioia},
  Title =	 {Strategic sensemaking and organizational
                  performance: Linkages among scanning,
                  interpretation, action, and outcomes},
  Journal =	 {Acad\-emy of Management Journal},
  Volume =	 {36},
  Number =	 {2},
  Pages =	 {239--270},
  Year =	 {1993}
}

@Article{ThomasMcDanial90:AMJ,
  Author =	 {James B. Thomas and Reuben R. McDanial},
  Title =	 {Interpreting strategic issues: Effects of strategy
                  and the information-processing structure of top
                  management teams},
  Year =	 {1990},
  Journal =	 {Acad\-emy of Management Journal},
  Volume =	 {33},
  Pages =	 {286--306}
}

@Book{ThulasiramanSwamy92:Book,
  Author =	 {K. Thulasiraman and M. N. S. Swamy},
  Title =	 {Graphs: Theory and algorithms},
  Year =	 {1992},
  Publisher =	 {John Wiley \& Sons},
  Address =	 {New York}
}

@Article{Tversky77,
  Author =	 {Amos Tversky},
  Title =	 {Features of similarity},
  Journal =	 {Psychology Review},
  Volume =	 {84},
  Pages =	 {327--352},
  Year =	 {1977}
}

@InCollection{TverskyKahneman88:BRT,
  Author =	 {Amos Tversky and Daniel Kahneman},
  Title =	 {Rational choice and the framing of decisions},
  Pages =	 {167--192},
  Editor =	 {David E. Bell and Howard Raiffa and Amos Tversky},
  Booktitle =	 {Decision making: Descriptive, normative, and
                  prescriptive interactions},
  Year =	 {1988},
  Publisher =	 {Cambridge University Press},
  Address =	 {Cambridge, England}
}

@Article{Walsh88:AMJ,
  Author =	 {James P. Walsh},
  Year =	 {1988},
  Title =	 {Selectivity and selective perception: An
                  investigation of managers' belief structures and
                  information processing},
  Journal =	 {Acad\-emy of Management Journal},
  Number =	 {4},
  Volume =	 {31},
  Pages =	 {873--896}
}

@TechReport{Walsh90,
  Author =	 {James P. Walsh},
  Title =	 {Knowledge structures and the management of
                  organizations: A research review and agenda},
  Address =	 {Ann Arbor, MI},
  Institution =	 {University of Michigan},
  Type =	 {Manuscript},
  Year =	 {1990}
}

@InCollection{Weick90:Huff,
  Author =	 {Karl E. Weick},
  Year =	 {1990},
  Title =	 {Introduction: Cartographic myths in organizations},
  Editor =	 {A. S. Huff},
  Booktitle =	 {Mapping strategic thought},
  Publisher =	 {Wiley},
  Address =	 {New York},
  Pages =	 {1--10}
}

@Article{WiersemaBantel92,
  AUTHOR =	 {Wiersema, Margarethe F. and Karen A. Bantel},
  YEAR =	 {1992},
  TITLE =	 {Top Management Team Demography and Corporate
                  Strategic Change},
  JOURNAL =	 {Acad\-emy of Management Journal},
  VOLUME =	 {35},
  NUMBER =	 {1},
  PAGES =	 {91--121}
}

@InCollection{WishCarroll82,
  Author =	 {Myron Wish and J. Douglas Carroll},
  Title =	 {Multidiminsional scaling and its applications},
  Pages =	 {317--345},
  Editor =	 {P. R. Krishnaiah and L. N. Kanal},
  Booktitle =	 {Classification, pattern recognition and reduction of
                  dimensionality},
  Series =	 {Handbook of statistics},
  Volume =	 {2},
  Year =	 {1982},
  Publisher =	 {North-Holland},
  Address =	 {Amsterdam}
}

